@misc{MPI,
    title = {M{P}{I}{C}{H}},
    howpublished = {\url{https://www.mpich.org/}}
}

@ARTICLE{PG1, 
author={C. J. Wei and H. Chen and S. J. Chen}, 
journal={TCAD}, 
title={Design and {I}mplementation of {B}lock-{B}ased {P}artitioning for {P}arallel {F}lip-{C}hip {P}ower-{G}rid {A}nalysis}, 
year={2012}, 
volume={31}, 
number={3}, 
pages={370-379}, 
month={March},
}

@article{PG2,
 author = {Demmel, James W. and Gilbert, John R. and Li, Xiaoye S.},
 title = {An {A}synchronous {P}arallel {S}upernodal {A}lgorithm for {S}parse {G}aussian {E}limination},
 journal = {SIAM J. Matrix Anal. Appl.},
 issue_date = {Oct. 1999},
 volume = {20},
 number = {4},
 month = jul,
 year = {1999},
 pages = {915--952},
 numpages = {38},
 doi = {10.1137/S0895479897317685},
 acmid = {328129},
} 


@INPROCEEDINGS{PG3, 
author={V. Y. Voronov and N. N. Popova}, 
booktitle={2009 International Conference on Computing, Engineering and Information}, 
title={Parallel Power Grid Simulation on Platforms with Multi Core Processors}, 
year={2009}, 
pages={144-148}, 
doi={10.1109/ICC.2009.49}, 
month={April},}


@INPROCEEDINGS{PG4, 
author={T. Yu and Z. Xiao and M. D. F. Wong}, 
booktitle={IEEE/ACM ICCAD}, 
title={Efficient parallel power grid analysis via {A}dditive {S}chwarz {M}ethod}, 
year={2012}, 
pages={399-406}, 
ISSN={1092-3152}, 
month={Nov},}


@article{PG5,
author = {Laura Grigori and James W. Demmel and Xiaoye S. Li},
title = {{P}arallel {S}ymbolic {F}actorization for {S}parse {L}{U} with {S}tatic {P}ivoting},
journal = {SIAM Journal on Scientific Computing},
volume = {29},
number = {3},
pages = {1289-1314},
year = {2007},
}

@INPROCEEDINGS{PG6, 
author={Kai Sun and Quming Zhou and Kartik Mohanram and D. C. Sorensen}, 
booktitle={IEEE/ACM ICCAD}, 
title={Parallel domain decomposition for simulation of large-scale power grids}, 
year={2007}, 
pages={54-59}, 
doi={10.1109/ICCAD.2007.4397243}, 
month={Nov},}


@misc{PG7,
  title = {P{E}{T}{S}{C}},
  howpublished = {\url{http://www.mcs.anl.gov/petsc/}},
}

@misc{mpicpp,
  title = {M{P}{I} forum},
  howpublished = {\url{http://mpi-forum.org/docs/mpi-2.2/mpi22-report/node32.htm}},
}

@INPROCEEDINGS{PG8, 
author={Y. Zhong and M. D. F. Wong}, 
booktitle={2007 Asia and South Pacific Design Automation Conference}, 
title={Fast Placement Optimization of Power Supply Pads}, 
year={2007}, 
pages={763-767}, 
ISSN={2153-6961}, 
month={Jan},}

@inproceedings{benchmark,
 author = {Nassif, Sani R.},
 title = {Power Grid Analysis Benchmarks},
 booktitle = {IEEE/ACM ASP-DAC},
 year = {2008},
 pages = {376--381},
 numpages = {6},
} 


@INPROCEEDINGS{Huang_15_01, 
author={T. W. Huang and M. D. F. Wong}, 
booktitle={2015 IEEE/ACM International Conference on Computer-Aided Design (ICCAD)}, 
title={OpenTimer: A high-performance timing analysis tool}, 
year={2015}, 
pages={895-902}, 
doi={10.1109/ICCAD.2015.7372666}, 
month={Nov},}

@INPROCEEDINGS{fg_mpi, 
author={H. Kamal and A. Wagner}, 
booktitle={2010 IEEE International Symposium on Parallel Distributed Processing, Workshops and Phd Forum (IPDPSW)}, 
title={FG-MPI: Fine-grain MPI for multicore and clusters}, 
year={2010}, 
pages={1-8}, 
month={April},}





@INPROCEEDINGS{DTCRAFT, 
author={T.-W. Huang and C.-X. Lin and Martin D. F. Wong}, 
booktitle={IEEE/ACM ICCAD}, 
title={Dt{C}raft: A {D}istributed {E}xecution {E}ngine for {C}ompute-intensive {A}pplications}, 
year={2017}, 
pages={757-765},
month={Nov},}


@INPROCEEDINGS{6899089, 
  author={Q. He and W. Au and A. Korobkov and S. Venkateswaran}, 
  booktitle={2014 IEEE International Symposium on Electromagnetic Compatibility (EMC)}, 
  title={Parallel power grid analysis using distributed direct linear solver}, 
  year={2014}, 
  pages={866-871}, 
  doi={10.1109/ISEMC.2014.6899089}, 
  ISSN={2158-110X}, 
  month={Aug},}



@INPROCEEDINGS{dt_timer, 
  author={T. W. Huang and M. D. F. Wong and D. Sinha and K. Kalafala and N. Venkateswaran}, 
  booktitle={ACM/IEEE DAC}, 
  title={A distributed timing analysis framework for large designs}, 
  year={2016}, 
  volume={}, 
  number={}, 
  pages={1-6}, 
  doi={10.1145/2897937.2897959}, 
  ISSN={}, 
  month={June},}

@inproceedings{Spark,
 author = {M. Zaharia and M. Chowdhury and T. Das, A. Dave and J. Ma and M. McCauley and M. J. Franklin and S. Shenker and I. Stoica}, 
 title = {Resilient Distributed Datasets: A Fault-tolerant Abstraction for In-memory Cluster Computing},
 booktitle = {NSDI},
 year = {2012},
 pages = {2--2},
 numpages = {1},
 url = {http://dl.acm.org/citation.cfm?id=2228298.2228301},
 publisher = {USENIX Association},
}

@inproceedings{Dryad,
 author = {Isard, Michael and Budiu, Mihai and Yu, Yuan and Birrell, Andrew and Fetterly, Dennis},
 title = {Dryad: Distributed Data-parallel Programs from Sequential Building Blocks},
 booktitle = {EuroSys},
 year = {2007},
 location = {Lisbon, Portugal},
 pages = {59--72},
 numpages = {14},
 url = {http://doi.acm.org/10.1145/1272996.1273005},
 acmid = {1273005},
 publisher = {ACM},
 address = {New York, NY, USA},
}


@INPROCEEDINGS{INCREMENTAL, 
  author={P. Sun and X. Li and M. Y. Ting}, 
  booktitle={ACM/IEEE DAC}, 
  title={Efficient incremental analysis of on-chip power grid via sparse approximation}, 
  year={2011}, 
  volume={}, 
  number={}, 
  pages={676-681}, 
  doi={}, 
  ISSN={0738-100x}, 
  month={June},}

